@comment{x-kbibtex-personnameformatting=<%l><, %f>}

@article{sok92,
	author = "Gallas, J.A.C. and Herrmann, H.J. and Sokolowski, S.",
	journal = "Phys. Rev. Lett",
	number = "9",
	pages = "1371--1374",
	title = "{Convection Cells in Vibrating Granular Media}",
	volume = "69",
	year = "1992"
}

@article{sok93,
	author = "Gallas, J.A.C. and Sokolowski, S.",
	journal = "International Journal of Modern Physics B",
	pages = "2037--2046",
	title = "{Grain Non-Sphericity Effects on the Angle of Repose of Granular Material}",
	volume = "7",
	year = "1993"
}

@article{pb93,
	author = "Poschel, T. and Buchholtz, V.",
	journal = "Phys. Rev. Lett",
	number = "24",
	pages = "3963--3966",
	title = "{Static Friction Phenomena in Granular Materials: Coulomb Law versus Particle Geometry}",
	volume = "71",
	year = "1993"
}

@article{pb95,
	author = "Poschel, T. and Buchholtz, V.",
	journal = "J. Phys. I France",
	pages = "1431--1455",
	title = "{Molecular Dynamics of Arbitrarily Shaped Granular Particles}",
	volume = "5",
	year = "1995"
}

@article{schafer96,
	author = "Schafer, J. and Dippel, S. and Wolf, D.E.",
	journal = "J. Phys. I France",
	pages = "5--20",
	title = "{Force Schemes in Simulations of Granular Materials }",
	volume = "69",
	year = "1996"
}

@article{herr93,
	author = "Lee, J. and Herrmann, H.J.",
	journal = "J. Phys. A: Math. Gen.",
	pages = "373--383",
	title = "{Angle of repose and angle of marginal stability: molecular dynamics of granular particles}",
	volume = "26",
	year = "1993"
}

@inproceedings{mucha05,
	author = "Bell, N. and Yu, Y. and Mucha, P.J.",
	journal = "Proceedings of the 2005 ACM SIGGRAPH",
	organization = "Eurographics symposium on Computer animation",
	pages = "77--86",
	title = "{Particle-Based Simulation of Granular Materials }",
	year = "2005"
}

@article{perez,
	author = "Perez, G.",
	journal = "Paramana",
	number = "6",
	pages = "989--1007",
	title = "{Numerical simulations in granular matter: The discharge of a 2D silo}",
	volume = "70",
	year = "2008"
}

@article{pb94,
	author = "Buchholtz, V. and Poschel, T.",
	journal = "Physica A",
	pages = "390--401",
	title = "{Numerical investigations of the evolution of sandpiles}",
	volume = "202",
	year = "1994"
}

@article{cs79,
	author = "Cundall, P.A. and Strack, O.D.L.",
	journal = "Geotechnique",
	number = "1",
	pages = "47--65",
	title = "{A discrete numerical model for granular assemblies}",
	volume = "29",
	year = "1979"
}

@article{herr94,
	author = "Tillemans, H.-J. and Herrmann, H.J.",
	journal = "Physica A",
	pages = "261--288",
	title = "{Simulating deformations of granular solids under shear}",
	volume = "217",
	year = "1994"
}

@article{sw95,
	author = "Schafer, J. and Wolf, D.E.",
	journal = "Phys. Rev. E",
	pages = "6154--6157",
	title = "{Bistability in simulated granular Aow along corrugated walls}",
	volume = "51",
	year = "1995"
}

@article{haff86,
	author = "Haff, P.K. and Werner, B.T.",
	journal = "Powder Technology",
	pages = "239--245",
	title = "{Computer Simulation of the Mechanical Sorting of Grains}",
	volume = "48",
	year = "1986"
}

@article{sok92b,
	author = "Gallas, J.A.C. and Herrmann, H.J. and Sokolowski, S.",
	journal = "Physica A",
	pages = "437--446",
	title = "{Molecular dynamics simulation of powder fluidization in two dimensions }",
	volume = "189",
	year = "1992"
}

@article{wb86,
	author = "Walton, O.R. and Braun, R.L.",
	journal = "Journal of Rheology",
	pages = "949--980",
	title = "{Viscosity, granulartemperature, and stress calculations for shearing assemblies of
inelastic, frictional disks}",
	volume = "30",
	year = "1986"
}

