@comment{x-kbibtex-personnameformatting=<%l><, %f>}

%% This BibTeX bibliography file was created using BibDesk.
%% http://bibdesk.sourceforge.net/

%% Created for dgront at 2012-11-08 20:49:53 +0100 

%% Saved with string encoding Unicode (UTF-8) 

@article{nagel:98,
	author = "{Andrea J. Liu}, Sidney R.Nagel",
	journal = "Nature",
	number = "396",
	pages = "21--22",
	title = "{Jamming is not just cool any more.}",
	year = "1998"
}

@article{ohern:13,
	author = "O{\rq}Hern, Corey S. and Shattuck, Mark D.",
	journal = "Nature Material",
	month = apr,
	pages = "287--288",
	title = "{Highly evolved grains}",
	volume = "12",
	year = "2013"
}

@article{liunagel:10,
	author = "Liu, Andrea J. and Nagel, Sidney R.",
	journal = "Annual Review of Condensed Matter Physics",
	pages = "347--69",
	title = "{The Jamming Transition and the Marginally Jammed Solid}",
	volume = "1",
	year = "2010"
}

@article{schreck:11,
	author = "Schreck, Carl F. and Bertrand, Thibault and O{\rq}Hern, Corey S. and Shattuck, M. D.",
	journal = "Phys. Rev. Lett.",
	pages = "078301",
	title = "{Repulsive Contact Interactions Make Jammed Particulate Systems Inherently Nonharmonic }",
	volume = "107",
	year = "2011"
}

@article{con:10,
	author = "Ciamarra, Massimo Pica and Nicodemi, Mario and Coniglio, Antonio",
	journal = "Soft Matter",
	pages = "2871--2874",
	title = "{Recent results on the jamming phase diagram }",
	volume = "6",
	year = "2010"
}

@article{bi:11,
	author = "Bi, Dapeng and Zhang, Jie and Chakraborty, Bulbul and Behringer, R. P.",
	journal = "Nature",
	pages = "355--358",
	title = "{Jamming by shear }",
	volume = "480",
	year = "2011"
}

@article{rudge:12,
	author = "Rudge, Timothy J. and Steiner, Paul J. and Phillips, Andrew and Haseloff, Jim",
	journal = "ACS Synth. Biol.",
	pages = "345-352",
	title = "{Computational Modeling of Synthetic Microbial Biofils}",
	volume = "1",
	year = "2012"
}

