@comment{x-kbibtex-personnameformatting=<%l><, %f>}

@article{nagel:98,
	author = "{Andrea J. Liu}, Sidney R.Nagel",
	journal = "Nature",
	number = "396",
	pages = "21--22",
	title = "{Jamming is not just cool any more.}",
	year = "1998"
}

@article{ohern:13,
	author = "O{\rq}Hern, Corey S. and Shattuck, Mark D.",
	journal = "Nature Material",
	month = apr,
	pages = "287--288",
	title = "{Highly evolved grains}",
	volume = "12",
	year = "2013"
}

@article{liunagel:10,
	author = "Liu, Andrea J. and Nagel, Sidney R.",
	journal = "Annual Review of Condensed Matter Physics",
	pages = "347--69",
	title = "{The Jamming Transition and the Marginally Jammed Solid}",
	volume = "1",
	year = "2010"
}

@article{schreck:11,
	author = "Schreck, Carl F. and Bertrand, Thibault and O{\rq}Hern, Corey S. and Shattuck, M. D.",
	journal = "Phys. Rev. Lett.",
	pages = "078301",
	title = "{Repulsive Contact Interactions Make Jammed Particulate Systems Inherently Nonharmonic }",
	volume = "107",
	year = "2011"
}

@article{con:10,
	author = "Ciamarra, Massimo Pica and Nicodemi, Mario and Coniglio, Antonio",
	journal = "Soft Matter",
	pages = "2871--2874",
	title = "{Recent results on the jamming phase diagram }",
	volume = "6",
	year = "2010"
}

@article{bi:11,
	author = "Bi, Dapeng and Zhang, Jie and Chakraborty, Bulbul and Behringer, R. P.",
	journal = "Nature",
	pages = "355--358",
	title = "{Jamming by shear }",
	volume = "480",
	year = "2011"
}

@article{rudge:12,
	author = "Rudge, Timothy J. and Steiner, Paul J. and Phillips, Andrew and Haseloff, Jim",
	journal = "ACS Synth. Biol.",
	pages = "345--352",
	title = "{Computational Modeling of Synthetic Microbial Biofils}",
	volume = "1",
	year = "2012"
}

@article{MH:90,
	author = "Matsushita, Mitsugu and Fujikawa, Hiroshi",
	journal = "Physica A",
	pages = "498--506",
	title = "{Diffusion-Limited Growth in Bacterial Colony Formation}",
	volume = "168",
	year = "1990"
}

@book{schreck:13,
	author = "Schreck, Carl F. and O'Hern, Corey S. and Shattuck, Mark D.",
	booktitle = "{Granular Matter}",
	chapter = "X",
	title = "{Vibrations of jammed disk packings with Hertzian interactions}",
	year = "2013"
}

@article{swinney:96,
	author = "Umbanhowar, Paul B. and Melo, Francisco and Swinney, Harry L.",
	journal = "Nature",
	title = "{Localized excitations in a vertically vibrated granular layer}",
	volume = "382",
	year = "1996"
}

@article{dd:10,
	author = "Hoehme, Stefan and Drasdo, Dirk",
	journal = "Bioinformatics",
	pages = "2641--2642",
	title = "{A cell-based simulation software for multi-cellular systems }",
	volume = "26",
	year = "2010"
}

@article{pin:05,
	author = "Chu, Yeh-Shiu and Dufour, Sylvie and Thiery, Jean Paul and Perez, Eric and Pincet, Frederic",
	journal = "Phys. Rev. Lett.",
	pages = "028102",
	title = "{Johnson-Kendall-Roberts Theory Applied to Living Cells }",
	volume = "94",
	year = "2005"
}

@article{bw:13,
	author = "Farrell, F. D. C. and Hallatschek, O. and Marenduzzo, D. and Waclaw, B.",
	journal = "Phys. Rev. Lett.",
	pages = "168101",
	title = "{Mechanically Driven Growth of Quasi-Two-Dimensional Microbial Colonies }",
	volume = "111",
	year = "2013"
}

@article{tsimring:11,
	author = "Boyer, Denis and Mather, William and n-Palomino, Octavio Mondrag' and Orozco-Fuentes, Sirio and Danino, Tal and Hasty, Jeff and Tsimring, Lev S",
	journal = "Physical Biology",
	pages = "026008",
	title = "{Buckling instability in ordered bacterial colonies}",
	volume = "8",
	year = "2011"
}

@article{pic:04,
	author = "Picioreanu, Cristian and Kreft, Jan-Ulrich and van Loosdrecht, Mark C. M.",
	journal = "Applied and Environmental Microbiology",
	number = "5",
	pages = "3024--3040",
	title = "{Particle-Based Multidimensional Multispecies Biofilm Model}",
	volume = "70",
	year = "2004"
}

@article{dd:05,
	author = "Drasdo, Dirk and Hohme, Stefan",
	journal = "Physical Biology",
	pages = "133--147",
	title = "{A single-cell-based model of tumor growth in vitro: monolayers and spheroids}",
	volume = "2",
	year = "2005"
}

@article{elgeti:11,
	author = "Basan, Markus and Prost, Jacques and Joanny, Jean-Francois and Elgeti, Jens",
	journal = "Physical Biology",
	pages = "026014",
	title = "{Dissipative particle dynamics simulations for biological tissues: rheology and competition }",
	volume = "8",
	year = "2011"
}

@article{dm:13,
	author = "Delarue, Morgan and Montel, Fabien and Caen, Ouriel and Elgeti, Jens and Siaugue, Jean-Michel and Vignjevic, Danijela and Pros, Jacques and Joanny, Jean-Fran\c{c}ois and Cappell, Giovanni",
	journal = "Phys. Rev. Lett.",
	pages = "138103",
	title = "{Mechanical Control of Cell flow in Multicellular Spheroids}",
	volume = "110",
	year = "2013"
}

@article{dd:12,
	author = "Drasdo, Dirk and Hoehme, Stefan",
	journal = "New Journal of Physics",
	pages = "055025",
	title = "{Modeling the impact of granular embedding media, and pulling versus pushing cells on growing cell clones}",
	volume = "14",
	year = "2012"
}

@article{hell:98,
	author = "Hellekalek, P",
	journal = "Mathematics and Computers in Simulation",
	pages = "485--505",
	title = "{Good random number generators are (not so) easy to find}",
	volume = "46",
	year = "1998"
}

@incollection{ums:02,
	author = "Frenkel, Daan and Smit, Berend",
	booktitle = "{Understanding Molecular Simulation: From Algorithms to Applications }",
	chapter = "17",
	edition = "2nd",
	title = "{Computational Science}",
	year = "2002"
}

@article{cov:06a,
	author = "G., De Fabritiis and M., Serrano and P., Espanol and P.V., Coveney",
	journal = "Physica A",
	pages = "429--440",
	title = "{Efficient numerical integrators for stochastic models}",
	volume = "361",
	year = "2006"
}

@article{cov:06b,
	author = "Serrano, M. and Fabritiis, G. De and Espanol, P. and Coveney, P. V.",
	journal = "Mathematics and Computers in Simulation",
	pages = "190--194",
	title = "{A stochastic Trotter integration scheme for dissipative particle dynamics}",
	volume = "72",
	year = "2006"
}

@article{scheibe:11,
	author = "Xu, Zhijie and Meakin, Paul and Tratakovsky, Alexandre and Scheibe, Timothy D.",
	journal = "Physical Review E",
	pages = "0667202",
	title = "{Dissipative-particle-dynamics model of biofilm growth}",
	volume = "83",
	year = "2011"
}

@article{cur:07,
	author = "Curtis, Adam and Sokolikova-Csaderova, Lucia and Aitchison, Gregor",
	journal = "Biophysical Journal",
	pages = "2255--2261",
	title = "{Measuring Cell Forces by a Photoelastic Method}",
	volume = "92"
}

@article{nagel2:98,
	author = "Mueth, Daniel M. and Jaeger, Heinrich M. and Nagel, Sidney R.",
	journal = "Physical Review E",
	pages = "3164",
	title = "{Force distribution in a granular medium}",
	volume = "57",
	year = "1998"
}

@article{bob:05,
	author = "Majmudar, T. S. and Behringer, R. P.",
	journal = "Nature",
	pages = "1079--1082",
	title = "{Contact force measurements and stress-induced anisotropy in granular materials}",
	volume = "435",
	year = "2005"
}

@article{war:95,
	author = "Espanol, P. and Warren, P.",
	journal = "Europhys. Lett.",
	pages = "191--196",
	title = "{Statistical Mechanics of Dissipative Particle Dynamics}",
	volume = "30",
	year = "1995"
}

@article{war:97,
	author = "Groot, Robert D. and Warren, Patrick B.",
	journal = "J. Chem. Phys.",
	pages = "4423--4435",
	title = "{Dissipative particle dynamics: Bridging the gap between atomistic and mesoscopic simulation}",
	volume = "107",
	year = "1997"
}

@article{don:04,
	author = "Donev, Aleksandar and Cisse, Ibrahim and Sachs, David and Variano, Evan A. and Stillinger, Frank H. and Connelly, Robert and Torquato, Salvatore and Chaikin, P. M.",
	journal = "Science",
	pages = "990--993",
	title = "{Improving the Density of Jammed Disordered Packings Using Ellipsoids}",
	volume = "303",
	year = "2004"
}

@article{weiner:12,
	author = "Diz-Munoz, Alba and Fletcher, Daniel A. and Weiner, Orion D.",
	journal = "Trends in Cell Biology",
	number = "2",
	pages = "47--53",
	title = "{Use the force: membrane tension as an organizer of cell shape and motility}",
	volume = "23",
	year = "2012"
}

@article{dunk:14,
	author = "Wensink, H. H. and Kantsler, V. and Goldstein, R. E. and Dunkel, J.",
	journal = "Phys. Rev. E",
	number = "010302(R)",
	title = "{Controlling active self-assembly through broken particle-shape symmetry}",
	volume = "89",
	year = "2014"
}

@article{rr01,
	author = "Ranjard, Lionel and Richaume, Agnes",
	journal = "Res. Microbiol",
	pages = "707--716",
	title = "{Quantitative and qualitative microscale distribution of bacteria in soil}",
	volume = "152",
	year = "2001"
}

@article{corwin12,
	author = "Corwin, Eric",
	journal = "Physics",
	pages = "97",
	title = "{Getting into a Proper Jam}",
	volume = "5",
	year = "2012"
}

@article{ds06,
	author = "Stamenovic, Dimitriej",
	journal = "Nature Materials",
	pages = "597--598",
	title = "{Two regimes, maybe three?}",
	volume = "5",
	year = "2006"
}

@article{liu:13,
	author = "Idema, Timon and Dubuis, Julien O. and Kang, Louis and Manning, M. Lisa and Nelson, Philip C. and Lubensky, Tom C. and Liu, Andrea J.",
	journal = "PLoS ONE",
	number = "10",
	pages = "e77216",
	title = "{The Syncytial Drosophila Embryo as a Mechanically Excitable Medium}",
	volume = "8",
	year = "2013"
}

@article{w08,
	author = "Huang, Kerwyn Casey and Mukhopadhyay, Ranjan and Wen, Bingni and Gitai, Zemer and Wingreen, Ned S.",
	journal = "PNAS",
	number = "49",
	pages = "19281--19286",
	title = "{Cell shape and cell-wall organization in Gram-negative bacteria}",
	volume = "105",
	year = "2008"
}

@article{w11a,
	author = "van Teeffelen, Sven and Wang, Siyuan and Furchtgott, Leon and Huang, Kerwyn Casey and Wingreen, Ned S. and Shaevitz, Joshua W. and Gitai, Zemer",
	journal = "PNAS",
	number = "38",
	pages = "15822--15827",
	title = "{The bacterial actin MreB rotates, and rotation depends on cell-wall assembly}",
	volume = "108",
	year = "2011"
}

@article{w11b,
	author = "Furchtgott, Leon and Wingreen, Ned S. and Huang, Kerwyn Casey",
	journal = "Molecular Microbiology",
	number = "2",
	pages = "340--353",
	title = "{Mechanisms for maintaining cell shape in rod-shaped Gram-negative bacteria}",
	volume = "81",
	year = "2011"
}

@article{fjj13,
	author = "Sadati, Monirosadat and Qazvini, Nader Taheri and Krishnan, Ramaswamy and Park, Chan Young and Fredberg, Jeffrey J.",
	journal = "Differentiation",
	pages = "121--125",
	title = "{Collective migration and cell jamming}",
	volume = "86",
	year = "2013"
}

@article{weitz01,
	author = "Trappe, V. and Prasad, V. and Cipelletti, Luca and Segre, P. N. and Weitz, D. A.",
	journal = "Nature",
	pages = "772--775",
	title = "{Jamming phase diagram for attractive particles}",
	volume = "411",
	year = "2001"
}

@article{fink01,
	author = "Reynolds, Todd B. and Fink, Gerald R.",
	journal = "Science",
	pages = "878-881",
	title = "{Bakers{\rq} Yeast, a Model for
Fungal Biofilm Formation}",
	volume = "291",
	year = "2001"
}

